
@article{cite-key1,
	Annote = {10.1103/PhysRevLett.61.2015},
	Author = {Haldane, F.  D.  M. },
	Date = {1988///},
	Date-Added = {2016-12-04 21:33:06 +0000},
	Date-Modified = {2016-12-04 21:33:06 +0000},
	Journal = {Phys. Rev. Lett.},
	M3 = {10.1103/PhysRevLett.61.2015},
	Pages = {2015--2018},
	Publisher = { },
	Ty = {JOUR},
	Url = {http://dx.doi.org/10.1103/PhysRevLett.61.2015},
	Volume = {61},
	Year = {1988},
	Bdsk-Url-1 = {http://dx.doi.org/10.1103/PhysRevLett.61.2015}}

@article{cite-key2,
	Annote = {10.1103/RevModPhys.82.3045},
	Author = {Hasan, M. Z. and Kane, C. L.},
	Date = {2010///},
	Date-Added = {2016-12-04 21:33:06 +0000},
	Date-Modified = {2016-12-04 21:33:06 +0000},
	Journal = {Rev. Mod. Phys.},
	M3 = {10.1103/RevModPhys.82.3045},
	Pages = {3045--3067},
	Publisher = { },
	Ty = {JOUR},
	Url = {http://dx.doi.org/10.1103/RevModPhys.82.3045},
	Volume = {82},
	Year = {2010},
	Bdsk-Url-1 = {http://dx.doi.org/10.1103/RevModPhys.82.3045}}

@article{cite-key3,
	Annote = {10.1103/RevModPhys.83.1057},
	Author = {Qi, X. L. and Zhang, S. C.},
	Date = {2011///},
	Date-Added = {2016-12-04 21:33:06 +0000},
	Date-Modified = {2016-12-04 21:33:06 +0000},
	Journal = {Rev. Mod. Phys.},
	M3 = {10.1103/RevModPhys.83.1057},
	Pages = {1057--1110},
	Publisher = { },
	Ty = {JOUR},
	Url = {http://dx.doi.org/10.1103/RevModPhys.83.1057},
	Volume = {83},
	Year = {2011},
	Bdsk-Url-1 = {http://dx.doi.org/10.1103/RevModPhys.83.1057}}

@article{cite-key4,
	Annote = {10.1007/BF03014898},
	Author = {Levi-Civita, T. },
	Date = {1917///},
	Date-Added = {2016-12-04 21:33:06 +0000},
	Date-Modified = {2016-12-04 21:33:06 +0000},
	Journal = {Rend. Circ. Mat. Palermo},
	M3 = {10.1007/BF03014898},
	Pages = {173--205},
	Publisher = { },
	Ty = {JOUR},
	Url = {http://dx.doi.org/10.1007/BF03014898},
	Volume = {42},
	Year = {1917},
	Bdsk-Url-1 = {http://dx.doi.org/10.1007/BF03014898}}

@article{cite-key5,
	Annote = {10.1098/rspa.1984.0023},
	Author = {Berry, M.  V. },
	Date = {1984///},
	Date-Added = {2016-12-04 21:33:06 +0000},
	Date-Modified = {2016-12-04 21:33:06 +0000},
	Journal = {Proc. R. Soc. Lond. A},
	M3 = {10.1098/rspa.1984.0023},
	Pages = {45--57},
	Publisher = { },
	Ty = {JOUR},
	Url = {http://dx.doi.org/10.1098/rspa.1984.0023},
	Volume = {392},
	Year = {1984},
	Bdsk-Url-1 = {http://dx.doi.org/10.1098/rspa.1984.0023}}

@article{cite-key6,
	Annote = {10.1103/PhysRevLett.49.405},
	Author = {Thouless, D. J. and Kohmoto, M. and Nightingale, M. P. and den Nijs, M.},
	Date = {1982///},
	Date-Added = {2016-12-04 21:33:06 +0000},
	Date-Modified = {2016-12-04 21:33:06 +0000},
	Journal = {Phys. Rev. Lett.},
	M3 = {10.1103/PhysRevLett.49.405},
	Pages = {405--408},
	Publisher = { },
	Ty = {JOUR},
	Url = {http://dx.doi.org/10.1103/PhysRevLett.49.405},
	Volume = {49},
	Year = {1982},
	Bdsk-Url-1 = {http://dx.doi.org/10.1103/PhysRevLett.49.405}}

@article{cite-key7,
	Annote = {10.1103/PhysRevLett.51.2167},
	Author = {Simon, B. },
	Date = {1983///},
	Date-Added = {2016-12-04 21:33:06 +0000},
	Date-Modified = {2016-12-04 21:33:06 +0000},
	Journal = {Phys. Rev. Lett.},
	M3 = {10.1103/PhysRevLett.51.2167},
	Pages = {2167--2170},
	Publisher = { },
	Ty = {JOUR},
	Url = {http://dx.doi.org/10.1103/PhysRevLett.51.2167},
	Volume = {51},
	Year = {1983},
	Bdsk-Url-1 = {http://dx.doi.org/10.1103/PhysRevLett.51.2167}}

@article{cite-key8,
	Annote = {10.1103/PhysRevLett.95.226801},
	Author = {Kane, C. L. and Mele, E. J.},
	Date = {2005///},
	Date-Added = {2016-12-04 21:33:06 +0000},
	Date-Modified = {2016-12-04 21:33:06 +0000},
	Journal = {Phys. Rev. Lett.},
	M3 = {10.1103/PhysRevLett.95.226801},
	Pages = {226801},
	Publisher = { },
	Ty = {JOUR},
	Url = {http://dx.doi.org/10.1103/PhysRevLett.95.226801},
	Volume = {95},
	Year = {2005},
	Bdsk-Url-1 = {http://dx.doi.org/10.1103/PhysRevLett.95.226801}}

@article{cite-key9,
	Annote = {10.1088/0305-4470/18/2/011},
	Author = {Hannay, J.  H. },
	Date = {1985///},
	Date-Added = {2016-12-04 21:33:06 +0000},
	Date-Modified = {2016-12-04 21:33:06 +0000},
	Journal = {J. Phys. A},
	M3 = {10.1088/0305-4470/18/2/011},
	Pages = {221--230},
	Publisher = { },
	Ty = {JOUR},
	Url = {http://dx.doi.org/10.1088/0305-4470/18/2/011},
	Volume = {18},
	Year = {1985},
	Bdsk-Url-1 = {http://dx.doi.org/10.1088/0305-4470/18/2/011}}

@article{cite-key10,
	Annote = {10.1038/nphys2835},
	Author = {Kane, C. L. and Lubensky, T. C.},
	Date = {2014///},
	Date-Added = {2016-12-04 21:33:06 +0000},
	Date-Modified = {2016-12-04 21:33:06 +0000},
	Journal = {Nature Phys.},
	M3 = {10.1038/nphys2835},
	Pages = {39--45},
	Publisher = { },
	Ty = {JOUR},
	Url = {http://dx.doi.org/10.1038/nphys2835},
	Volume = {10},
	Year = {2014},
	Bdsk-Url-1 = {http://dx.doi.org/10.1038/nphys2835}}

@article{cite-key11,
	Annote = {10.1103/PhysRevLett.103.248101},
	Author = {Prodan, E. and Prodan, C.},
	Date = {2009///},
	Date-Added = {2016-12-04 21:33:06 +0000},
	Date-Modified = {2016-12-04 21:33:06 +0000},
	Journal = {Phys. Rev. Lett.},
	M3 = {10.1103/PhysRevLett.103.248101},
	Pages = {248101},
	Publisher = { },
	Ty = {JOUR},
	Url = {http://dx.doi.org/10.1103/PhysRevLett.103.248101},
	Volume = {103},
	Year = {2009},
	Bdsk-Url-1 = {http://dx.doi.org/10.1103/PhysRevLett.103.248101}}

@article{cite-key12,
	Annote = {10.1103/PhysRevE.83.021913},
	Author = {Berg, N. and Joel, K. and Koolyk, M. and Prodan, E.},
	Date = {2011///},
	Date-Added = {2016-12-04 21:33:06 +0000},
	Date-Modified = {2016-12-04 21:33:06 +0000},
	Journal = {Phys. Rev. E},
	M3 = {10.1103/PhysRevE.83.021913},
	Pages = {021913},
	Publisher = { },
	Ty = {JOUR},
	Url = {http://dx.doi.org/10.1103/PhysRevE.83.021913},
	Volume = {83},
	Year = {2011},
	Bdsk-Url-1 = {http://dx.doi.org/10.1103/PhysRevE.83.021913}}

@article{cite-key13,
	Author = {Ornes, S. },
	Date-Added = {2016-12-04 21:33:06 +0000},
	Date-Modified = {2016-12-04 21:33:06 +0000},
	Journal = {Phys. World},
	Pages = {33--36},
	Publisher = { },
	Ty = {JOUR},
	Volume = {28}}

@article{susstrunk2016classification,
  title={Classification of topological phonons in linear mechanical metamaterials},
  author={S{\"u}sstrunk, Roman and Huber, Sebastian D},
  journal={arXiv preprint arXiv:1604.01033},
  year={2016}
}

@article{cite-key15,
	Annote = {10.1088/0034-4885/78/7/073901},
	Author = {Lubensky, T. C. and Kane, C. L. and Mao, X. and Souslov, A. and Sun, K.},
	Date = {2015///},
	Date-Added = {2016-12-04 21:33:06 +0000},
	Date-Modified = {2016-12-04 21:33:06 +0000},
	Journal = {Rep. Prog. Phys.},
	M3 = {10.1088/0034-4885/78/7/073901},
	Pages = {073901},
	Publisher = { },
	Ty = {JOUR},
	Url = {http://dx.doi.org/10.1088/0034-4885/78/7/073901},
	Volume = {78},
	Year = {2015},
	Bdsk-Url-1 = {http://dx.doi.org/10.1088/0034-4885/78/7/073901}}

@misc{cite-key16,
	Author = {Sussman, D. S. and Stenull, O. and Lubensky, T. C.},
	Date = {2015///},
	Date-Added = {2016-12-04 21:33:06 +0000},
	Date-Modified = {2016-12-04 21:33:06 +0000},
	Publisher = { },
	Ty = {GEN},
	Year = {2015}}

@article{cite-key17,
	Annote = {10.1038/nphys3185},
	Author = {Paulose, J. and Chen, B. G. G. and Vitelli, V.},
	Date = {2015///},
	Date-Added = {2016-12-04 21:33:06 +0000},
	Date-Modified = {2016-12-04 21:33:06 +0000},
	Journal = {Nature Phys.},
	M3 = {10.1038/nphys3185},
	Pages = {153--156},
	Publisher = { },
	Ty = {JOUR},
	Url = {http://dx.doi.org/10.1038/nphys3185},
	Volume = {11},
	Year = {2015},
	Bdsk-Url-1 = {http://dx.doi.org/10.1038/nphys3185}}

@article{cite-key18,
	Annote = {10.1103/PhysRevLett.42.1698},
	Author = {Su, W. P. and Schrieffer, J. R. and Heeger, A. J.},
	Date = {1979///},
	Date-Added = {2016-12-04 21:33:06 +0000},
	Date-Modified = {2016-12-04 21:33:06 +0000},
	Journal = {Phys. Rev. Lett.},
	M3 = {10.1103/PhysRevLett.42.1698},
	Pages = {1698--1701},
	Publisher = { },
	Ty = {JOUR},
	Url = {http://dx.doi.org/10.1103/PhysRevLett.42.1698},
	Volume = {42},
	Year = {1979},
	Bdsk-Url-1 = {http://dx.doi.org/10.1103/PhysRevLett.42.1698}}

@article{cite-key19,
	Annote = {10.1073/pnas.1405969111},
	Author = {Chen, B. G. G. and Upadhyaya, N. and Vitelli, V.},
	Date = {2014///},
	Date-Added = {2016-12-04 21:33:06 +0000},
	Date-Modified = {2016-12-04 21:33:06 +0000},
	Journal = {Proc. Natl Acad. Sci. USA},
	M3 = {10.1073/pnas.1405969111},
	Pages = {13004--13009},
	Publisher = { },
	Ty = {JOUR},
	Url = {http://dx.doi.org/10.1073/pnas.1405969111},
	Volume = {111},
	Year = {2014},
	Bdsk-Url-1 = {http://dx.doi.org/10.1073/pnas.1405969111}}

@misc{cite-key20,
	Author = {Vitelli, V. and Upadhyaya, N. and Chen, B. G. -g.},
	Date = {2014///},
	Date-Added = {2016-12-04 21:33:06 +0000},
	Date-Modified = {2016-12-04 21:33:06 +0000},
	Publisher = { },
	Ty = {GEN},
	Year = {2014}}

@article{cite-key21,
	Annote = {10.1073/pnas.1502939112},
	Author = {Paulose, J. and Meeussen, A. S. and Vitelli, V.},
	Date = {2015///},
	Date-Added = {2016-12-04 21:33:06 +0000},
	Date-Modified = {2016-12-04 21:33:06 +0000},
	Journal = {Proc. Natl Acad. Sci. USA},
	M3 = {10.1073/pnas.1502939112},
	Pages = {7639--7644},
	Publisher = { },
	Ty = {JOUR},
	Url = {http://dx.doi.org/10.1073/pnas.1502939112},
	Volume = {112},
	Year = {2015},
	Bdsk-Url-1 = {http://dx.doi.org/10.1073/pnas.1502939112}}

@article{cite-key22,
	Annote = {10.1103/PhysRevLett.116.135501},
	Author = {Chen, B.  G. -g. },
	Date = {2016///},
	Date-Added = {2016-12-04 21:33:06 +0000},
	Date-Modified = {2016-12-04 21:33:06 +0000},
	Journal = {Phys. Rev. Lett.},
	M3 = {10.1103/PhysRevLett.116.135501},
	Pages = {135501},
	Publisher = { },
	Ty = {JOUR},
	Url = {http://dx.doi.org/10.1103/PhysRevLett.116.135501},
	Volume = {116},
	Year = {2016},
	Bdsk-Url-1 = {http://dx.doi.org/10.1103/PhysRevLett.116.135501}}

@article{cite-key23,
	Author = {Fleury, R. and Sounas, D. L. and Haberman, M. R. and Alu, A.},
	Date = {2015///},
	Date-Added = {2016-12-04 21:33:06 +0000},
	Date-Modified = {2016-12-04 21:33:06 +0000},
	Journal = {Acoust. Today},
	Pages = {14--21},
	Publisher = { },
	Ty = {JOUR},
	Volume = {11},
	Year = {2015}}

@article{cite-key24,
	Annote = {10.1126/science.1246957},
	Author = {Fleury, R. and Sounas, D. L. and Sieck, C. F. and Haberman, M. R. and Alu, A.},
	Date = {2014///},
	Date-Added = {2016-12-04 21:33:06 +0000},
	Date-Modified = {2016-12-04 21:33:06 +0000},
	Journal = {Science},
	M3 = {10.1126/science.1246957},
	Pages = {516--519},
	Publisher = { },
	Ty = {JOUR},
	Url = {http://dx.doi.org/10.1126/science.1246957},
	Volume = {343},
	Year = {2014},
	Bdsk-Url-1 = {http://dx.doi.org/10.1126/science.1246957}}

@article{cite-key25,
	Annote = {10.1103/PhysRevLett.114.114301},
	Author = {Yang, Z.  J. },
	Date = {2015///},
	Date-Added = {2016-12-04 21:33:06 +0000},
	Date-Modified = {2016-12-04 21:33:06 +0000},
	Journal = {Phys. Rev. Lett.},
	M3 = {10.1103/PhysRevLett.114.114301},
	Pages = {114301},
	Publisher = { },
	Ty = {JOUR},
	Url = {http://dx.doi.org/10.1103/PhysRevLett.114.114301},
	Volume = {114},
	Year = {2015},
	Bdsk-Url-1 = {http://dx.doi.org/10.1103/PhysRevLett.114.114301}}

@article{cite-key26,
	Annote = {10.1088/1367-2630/12/6/065010},
	Author = {Ryu, S. and Schnyder, A. P. and Furusaki, A. and Ludwig, A. W. W.},
	Date = {2010///},
	Date-Added = {2016-12-04 21:33:06 +0000},
	Date-Modified = {2016-12-04 21:33:06 +0000},
	Journal = {New. J. Phys.},
	M3 = {10.1088/1367-2630/12/6/065010},
	Pages = {065010},
	Publisher = { },
	Ty = {JOUR},
	Url = {http://dx.doi.org/10.1088/1367-2630/12/6/065010},
	Volume = {12},
	Year = {2010},
	Bdsk-Url-1 = {http://dx.doi.org/10.1088/1367-2630/12/6/065010}}

@article{cite-key27,
	Author = {Kitaev, A. },
	Date = {2009///},
	Date-Added = {2016-12-04 21:33:06 +0000},
	Date-Modified = {2016-12-04 21:33:06 +0000},
	Journal = {AIP Conf. Proc.},
	Pages = {22--30},
	Publisher = { },
	Ty = {JOUR},
	Volume = {1134},
	Year = {2009}}

@article{cite-key28,
	Annote = {10.1073/pnas.1507413112},
	Author = {Nash, L.  M. },
	Date = {2015///},
	Date-Added = {2016-12-04 21:33:06 +0000},
	Date-Modified = {2016-12-04 21:33:06 +0000},
	Journal = {Proc. Natl Acad. Sci. USA},
	M3 = {10.1073/pnas.1507413112},
	Pages = {14495--14500},
	Publisher = { },
	Ty = {JOUR},
	Url = {http://dx.doi.org/10.1073/pnas.1507413112},
	Volume = {112},
	Year = {2015},
	Bdsk-Url-1 = {http://dx.doi.org/10.1073/pnas.1507413112}}

@article{cite-key29,
	Annote = {10.1103/PhysRevLett.115.104302},
	Author = {Wang, P. and Lu, L. and Bertoldi, K.},
	Date = {2015///},
	Date-Added = {2016-12-04 21:33:06 +0000},
	Date-Modified = {2016-12-04 21:33:06 +0000},
	Journal = {Phys. Rev. Lett.},
	M3 = {10.1103/PhysRevLett.115.104302},
	Pages = {104302},
	Publisher = { },
	Ty = {JOUR},
	Url = {http://dx.doi.org/10.1103/PhysRevLett.115.104302},
	Volume = {115},
	Year = {2015},
	Bdsk-Url-1 = {http://dx.doi.org/10.1103/PhysRevLett.115.104302}}

@article{cite-key30,
	Annote = {10.1126/science.aab0239},
	Author = {Susstrunk, R. and Huber, S. D.},
	Date = {2015///},
	Date-Added = {2016-12-04 21:33:06 +0000},
	Date-Modified = {2016-12-04 21:33:06 +0000},
	Journal = {Science},
	M3 = {10.1126/science.aab0239},
	Pages = {47--50},
	Publisher = { },
	Ty = {JOUR},
	Url = {http://dx.doi.org/10.1126/science.aab0239},
	Volume = {349},
	Year = {2015},
	Bdsk-Url-1 = {http://dx.doi.org/10.1126/science.aab0239}}

@article{cite-key31,
	Annote = {10.1038/nphys3228},
	Author = {Xiao, M. },
	Date = {2015///},
	Date-Added = {2016-12-04 21:33:06 +0000},
	Date-Modified = {2016-12-04 21:33:06 +0000},
	Journal = {Nature Phys.},
	M3 = {10.1038/nphys3228},
	Pages = {240--244},
	Publisher = { },
	Ty = {JOUR},
	Url = {http://dx.doi.org/10.1038/nphys3228},
	Volume = {11},
	Year = {2015},
	Bdsk-Url-1 = {http://dx.doi.org/10.1038/nphys3228}}

@article{he2015acoustic,
  title={Acoustic topological insulator and robust one-way sound transport},
  author={He, Cheng and Ni, Xu and Ge, Hao and Sun, Xiao-Chen and Chen, Yan-Bin and Lu, Ming-Hui and Liu, Xiao-Ping and Feng, Liang and Chen, Yan-Feng},
  journal={arXiv preprint arXiv:1512.03273},
  year={2015}
}

@article{cite-key33,
	Annote = {10.1038/nphys3796},
	Author = {Lu, L. and Joannopoulos, J. D. and Soljacic, M.},
	Date = {2016///},
	Date-Added = {2016-12-04 21:33:06 +0000},
	Date-Modified = {2016-12-04 21:33:06 +0000},
	Journal = {Nature Phys.},
	M3 = {10.1038/nphys3796},
	Pages = {626--629},
	Publisher = { },
	Ty = {JOUR},
	Url = {http://dx.doi.org/10.1038/nphys3796},
	Volume = {12},
	Year = {2016},
	Bdsk-Url-1 = {http://dx.doi.org/10.1038/nphys3796}}

@misc{cite-key34,
	Author = {Rocklin, D. Z. and Zhou, S. and Sun, K. and Mao, X.},
	Date = {2015///},
	Date-Added = {2016-12-04 21:33:06 +0000},
	Date-Modified = {2016-12-04 21:33:06 +0000},
	Publisher = { },
	Ty = {GEN},
	Year = {2015}}

@article{cite-key35,
	Annote = {10.1103/PhysRevLett.116.135503},
	Author = {Rocklin, D. Z. and Chen, B. G. -g. and Falk, M. and Vitelli, V. and Lubensky, T. C.},
	Date = {2016///},
	Date-Added = {2016-12-04 21:33:06 +0000},
	Date-Modified = {2016-12-04 21:33:06 +0000},
	Journal = {Phys. Rev. Lett.},
	M3 = {10.1103/PhysRevLett.116.135503},
	Pages = {135503},
	Publisher = { },
	Ty = {JOUR},
	Url = {http://dx.doi.org/10.1103/PhysRevLett.116.135503},
	Volume = {116},
	Year = {2016},
	Bdsk-Url-1 = {http://dx.doi.org/10.1103/PhysRevLett.116.135503}}

@article{cite-key36,
	Annote = {10.1063/1.4942357},
	Author = {Pal, R. K. and Schaeffer, M. and Ruzzene, M.},
	Date = {2016///},
	Date-Added = {2016-12-04 21:33:06 +0000},
	Date-Modified = {2016-12-04 21:33:06 +0000},
	Journal = {J. Appl. Phys.},
	M3 = {10.1063/1.4942357},
	Pages = {084305},
	Publisher = { },
	Ty = {JOUR},
	Url = {http://dx.doi.org/10.1063/1.4942357},
	Volume = {119},
	Year = {2016},
	Bdsk-Url-1 = {http://dx.doi.org/10.1063/1.4942357}}

@article{cite-key37,
	Annote = {10.1103/PhysRevB.93.085105},
	Author = {Salerno, G. and Ozawa, T. and Price, H. M. and Carusotto, I.},
	Date = {2016///},
	Date-Added = {2016-12-04 21:33:06 +0000},
	Date-Modified = {2016-12-04 21:33:06 +0000},
	Journal = {Phys. Rev. B},
	M3 = {10.1103/PhysRevB.93.085105},
	Pages = {085105},
	Publisher = { },
	Ty = {JOUR},
	Url = {http://dx.doi.org/10.1103/PhysRevB.93.085105},
	Volume = {93},
	Year = {2016},
	Bdsk-Url-1 = {http://dx.doi.org/10.1103/PhysRevB.93.085105}}

@article{cite-key38,
	Annote = {10.1038/ncomms9260},
	Author = {Khanikaev, A. B. and Fleury, R. and Mousavi, S. H. and Alu, A.},
	Date = {2015///},
	Date-Added = {2016-12-04 21:33:06 +0000},
	Date-Modified = {2016-12-04 21:33:06 +0000},
	Journal = {Nature Commun.},
	M3 = {10.1038/ncomms9260},
	Pages = {8260},
	Publisher = { },
	Ty = {JOUR},
	Url = {http://dx.doi.org/10.1038/ncomms9260},
	Volume = {6},
	Year = {2015},
	Bdsk-Url-1 = {http://dx.doi.org/10.1038/ncomms9260}}

@article{cite-key39,
	Annote = {10.1038/ncomms9682},
	Author = {Mousavi, S. H. and Khanikaev, A. B. and Wang, Z.},
	Date = {2015///},
	Date-Added = {2016-12-04 21:33:06 +0000},
	Date-Modified = {2016-12-04 21:33:06 +0000},
	Journal = {Nature Commun.},
	M3 = {10.1038/ncomms9682},
	Pages = {8682},
	Publisher = { },
	Ty = {JOUR},
	Url = {http://dx.doi.org/10.1038/ncomms9682},
	Volume = {6},
	Year = {2015},
	Bdsk-Url-1 = {http://dx.doi.org/10.1038/ncomms9682}}

@article{cite-key40,
	Annote = {10.1038/nphys3458},
	Author = {Xiao, M. and Chen, W. -J. and He, W. -Y. and Chan, C. T.},
	Date = {2015///},
	Date-Added = {2016-12-04 21:33:06 +0000},
	Date-Modified = {2016-12-04 21:33:06 +0000},
	Journal = {Nature Phys.},
	M3 = {10.1038/nphys3458},
	Pages = {920--924},
	Publisher = { },
	Ty = {JOUR},
	Url = {http://dx.doi.org/10.1038/nphys3458},
	Volume = {11},
	Year = {2015},
	Bdsk-Url-1 = {http://dx.doi.org/10.1038/nphys3458}}

@article{huber2016topological,
  title={Topological mechanics},
  author={Huber, Sebastian D},
  journal={Nature Physics},
  volume={12},
  number={7},
  pages={621--623},
  year={2016},
  publisher={Nature Publishing Group}
}

@article{lubensky2015phonons,
  title={Phonons and elasticity in critically coordinated lattices},
  author={Lubensky, TC and Kane, CL and Mao, Xiaoming and Souslov, A and Sun, Kai},
  journal={Reports on Progress in Physics},
  volume={78},
  number={7},
  pages={073901},
  year={2015},
  publisher={IOP Publishing}
}

@article{su1979solitons,
  title={Solitons in polyacetylene},
  author={Su, W\_P and Schrieffer, JR and Heeger, Ao J},
  journal={Physical Review Letters},
  volume={42},
  number={25},
  pages={1698},
  year={1979},
  publisher={APS}
}